%
% Use https://mathscinet.ams.org/mathscinet/ or Google Scholar to get bibtex item
%

@article{doi:10.1162/jocn.1991.3.1.71,
author = { Turk, M. and Pentland, A.},
title = {Eigenfaces for Recognition},
journal = {Journal of Cognitive Neuroscience},
volume = {3},
number = {1},
pages = {71-86},
year = {1991},
doi = {10.1162/jocn.1991.3.1.71},
note = {PMID: 23964806},
URL = {https://doi.org/10.1162/jocn.1991.3.1.71},
howpublished = {\url{https://doi.org/10.1162/jocn.1991.3.1.71}},
eprint = {https://doi.org/10.1162/jocn.1991.3.1.71}
}

@article{DBLP:journals/corr/Shlens14,
  author    = {Jonathon Shlens},
  title     = {A Tutorial on Principal Component Analysis},
  journal   = {CoRR},
  volume    = {abs/1404.1100},
  year      = {2014},
  url       = {http://arxiv.org/abs/1404.1100},
  howpublished = {\url{http://arxiv.org/abs/1404.1100}},
  archivePrefix = {arXiv},
  eprint    = {1404.1100},
  timestamp = {Wed, 07 Jun 2017 14:40:25 +0200},
  biburl    = {https://dblp.org/rec/bib/journals/corr/Shlens14},
  bibsource = {dblp computer science bibliography, https://dblp.org}
}

@misc{data:MNIST,
   type = {Dataset},
   author = {LeCun, Y. and Cortes, C. and Burges, C.},
   title = {{MNIST} Image Database},
   howpublished = {\url{http://yann.lecun.com/exdb/mnist/}}
}

@inproceedings{Hinton:1994:RHD:2998687.2998813,
 author = {Hinton, Geoffrey E. and Revow, Michael and Dayan, Peter},
 title = {Recognizing Handwritten Digits Using Mixtures of Linear Models},
 booktitle = {Proceedings of the 7th International Conference on Neural Information Processing Systems},
 series = {NIPS'94},
 year = {1994},
 location = {Denver, Colorado},
 pages = {1015--1022},
 numpages = {8},
 url = {http://dl.acm.org/citation.cfm?id=2998687.2998813},
 howpublished = {\url{http://papers.nips.cc/paper/962-recognizing-handwritten-digits-using-mixtures-of-linear-models.pdf}},
 acmid = {2998813},
 publisher = {MIT Press},
 address = {Cambridge, MA, USA},
} 